<record><leader>00000cas a22000007a 4500</leader><controlfield tag="001">17701587</controlfield><controlfield tag="008">880330d18861891ncuwr ne      0    0eng d</controlfield><datafield ind1=" " ind2=" " tag="010"><subfield code="a">sn 89071029 </subfield></datafield><datafield ind1=" " ind2=" " tag="040"><subfield code="a">NYS</subfield><subfield code="b">eng</subfield><subfield code="c">NYS</subfield><subfield code="d">OCLCQ</subfield></datafield><datafield ind1=" " ind2=" " tag="042"><subfield code="a">msc</subfield></datafield><datafield ind1="0" ind2="4" tag="245"><subfield code="a">The Central express.</subfield></datafield><datafield ind1=" " ind2=" " tag="260"><subfield code="a">Sanford, N.C. :</subfield><subfield code="b">D.F. St. Clair,</subfield><subfield code="c">-1891.</subfield></datafield><datafield ind1=" " ind2=" " tag="300"><subfield code="a">v.</subfield></datafield><datafield ind1=" " ind2=" " tag="310"><subfield code="a">Weekly</subfield></datafield><datafield ind1="1" ind2=" " tag="362"><subfield code="a">Began in 1886?</subfield></datafield><datafield ind1="0" ind2=" " tag="362"><subfield code="a">-v. 5, no. 23 (Feb. 4, 1891).</subfield></datafield><datafield ind1=" " ind2=" " tag="588"><subfield code="a">Description based on: Vol. 2, no. 5 (Sept. 22, 1887).</subfield></datafield><datafield ind1=" " ind2=" " tag="752"><subfield code="a">United States</subfield><subfield code="b">North Carolina</subfield><subfield code="c">Lee</subfield><subfield code="d">Sanford.</subfield></datafield><datafield ind1="0" ind2="0" tag="785"><subfield code="t">Sanford express</subfield><subfield code="w">(DLC)sn 89071020</subfield></datafield></record>